@article{Garcia2012,
author = {Garcia, Saturnino and Jeon, Donghwan and Louie, Christopher and Bedford, Michael and Diego, San},
file = {:D$\backslash$:/Github/FEUP-Dissertation/articles/KremlinIEEE2012.pdf:pdf},
pages = {42--53},
title = {{the Kremlin Oracle for the Kremlin Open - Source Tool Helps Programmers By Automatically Identi-}},
year = {2012}
}
