@article{Fatahalian2004,
author = {Fatahalian, K and Sugerman, J and Hanrahan, P},
file = {:D$\backslash$:/Github/FEUP-Dissertation/articles/matrix multiplication/p133-fatahalian.pdf:pdf},
pages = {133--137},
title = {{Understanding the Efficiency of GPU Algorithms for Matrix-Matrix Multiplication}},
year = {2004}
}
