@article{Marcus,
author = {Marcus, H and Marcus, V and Hermann, H},
file = {:D$\backslash$:/Github/FEUP-Dissertation/articles/validation/Measuring Energy Consumption for.pdf:pdf},
title = {{Measuring Energy Consumption for Short Code Paths Using RAPL}}
}
