@article{,
file = {:D$\backslash$:/Github/FEUP-Dissertation/articles/code parallelization/Parallel Speedup Estimates for Serial Programs.pdf:pdf},
title = {{Parallel Speedup Estimates for Serial Programs}}
}
