@book{Shen,
author = {Shen, Jie},
file = {:D$\backslash$:/Github/FEUP-Dissertation/articles/heterogeneous systems/Dissertation{\_}Jie Shen{\_}Final.pdf:pdf},
isbn = {9789462039544},
title = {{Efficient High Performance Computing on Heterogeneous Platforms}}
}
