%bibtex entries 

@article{Datta2008,
doi = {10.1109/SC.2008.5222004},
isbn = {9781424428359},
issn = {1424428351},
journal = {2008 SC - International Conference for High Performance Computing, Networking, Storage and Analysis, SC 2008},
pmid = {3115053},
title = {{Stencil computation optimization and auto-tuning on state-of-the-art multicore architectures}},
year = {2008}
}

@article{Garcia2012,
author = {Garcia, Saturnino and Jeon, Donghwan and Louie, Christopher and Bedford, Michael and Diego, San},
pages = {42--53},
title = {{the Kremlin Oracle for the Kremlin Open - Source Tool Helps Programmers By Automatically Identi-}},
year = {2012}
}

@article{Garcia2011,
author = {Garcia, Saturnino and Jeon, Donghwan and Louie, Chris and Taylor, Michael Bedford},
isbn = {9781450306638},
keywords = {hierarchical critical path analysis,parallel software engineering,parallelism planner,self-parallelism},
title = {{Kremlin : Rethinking and Rebooting gprof for the Multicore Age}},
year = {2011}
}

@article{Gummaraju2010,
isbn = {9781450301787},
issn = {1089795X},
journal = {Proceedings of the 19th international conference on Parallel architectures and compilation techniques - PACT '10},
keywords = {gpgpu,multicore,opencl,programmabil-},
pages = {205},
title = {{Twin peaks: a software platform for heterogeneous computing on general-purpose and graphics processors}},
url = {http://portal.acm.org/citation.cfm?id=1854273.1854302$\backslash$nhttp://dl.acm.org/citation.cfm?id=1854302$\backslash$nhttp://portal.acm.org/citation.cfm?doid=1854273.1854302},
year= {2010}
}

@book{Jeon,
author= {Jeon, Donghwan},
title = {{Parallel Speedup Estimates for Serial Programs}}
}

@article{Nc1998,
author = {Nc, S Ilicon G Raphics I},
pages = {46--55},
title = {{OpenMP : An Industry-}},
year = {1998}
}

@misc{NvidiaGPU,
  title = {WHAT IS GPU-ACCELERATED COMPUTING?},
  howpublished = {http://www.nvidia.com/object/what-is-gpu-computing.html},
  note = {Accessed: 2017-02-09}
}

@misc{ParalledSoftware,
  title = {Saturnino (Sat) Garcia},
  howpublished = { http://home.sandiego.edu/~sat/},
  note = {Accessed: 2017-02-12}
}

@book{Shen,
author = {Shen, Jie},
isbn = {9789462039544},
title = {{Efficient High Performance Computing on Heterogeneous Platforms}}
}

@book{StartPU,
title = {{StarPU Handbook}}
}

@article{Taylor,
author = {Taylor, Michael Bedford},
isbn = {9781450309400},
keywords = {expressible,hierarchical critical path analysis,parallel software,performance estimation,self-parallelism},
pages = {519--536},
title = {{Kismet : Parallel Speedup Estimates for Serial Programs}}
}

@article{Lee,
author = {Lee, Changmin and Ro, Won W},
title = {{for Parallel Processing on CPU / GPU Hybrids}}
}


@book{Saturnino,
author= {Garcia Jr., Saturnino},
title = {{A Practical Oracle for Sequential Code Parallelization}}
}


@article{Weaver2012,
author = {Weaver, Vincent M and Johnson, Matt and Kasichayanula, Kiran and Ralph, James and Luszczek, Piotr and Terpstra, Dan and Moore, Shirley},
doi = {10.1109/ICPPW.2012.39},
title = {{Measuring Energy and Power with PAPI}},
year = {2012}
}

@article{Marcus,
author = {Marcus, H and Marcus, V and Hermann, H},
title = {{Measuring Energy Consumption for Short Code Paths Using RAPL}}
}

@misc{KremlinRep,
	title = {kremlin: like gprof but for parallelization},
	howpublished = {https://bitbucket.org/elsaturnino/kremlin},
	note = {Accessed: 2017-04-17}
}

@article{Schaefer2009,
	author = {Schaefer, Christoph A and Pankratius, Victor and Tichy, Walter F and Karlsruhe, D-},
	file = {:D$\backslash$:/Github/FEUP-Dissertation/articles/code parallelization/ATuneIL-Autotuning.pdf:pdf},
	title = {{Atune-IL : An Instrumentation Language for Auto-Tuning Parallel Applications Atune-IL}},
	year = {2009}
}


@article{Goto2008,
	author = {Goto, Kazushige and Geijn, Robert A V A N D E},
	doi = {10.1145/1356052.1356053},
	file = {:D$\backslash$:/Github/FEUP-Dissertation/articles/matrix multiplication/a12-goto.pdf:pdf},
	number = {3},
	title = {{Anatomy of High-Performance Matrix Multiplication}},
	volume = {34},
	year = {2008}
}

@article{Yuster2005,
	author = {Yuster, Raphael and Zwick, U R I},
	file = {:D$\backslash$:/Github/FEUP-Dissertation/articles/matrix multiplication/p2-yuster.pdf:pdf},
	number = {1},
	pages = {2--13},
	title = {{Fast Sparse Matrix Multiplication}},
	volume = {1},
	year = {2005}
}


@article{Lam,
	author = {Lam, S and Wolf, E and Rothberg, E},
	file = {:D$\backslash$:/Github/FEUP-Dissertation/articles/matrix multiplication/p63-lam.pdf:pdf},
	title = {{The Cache Performance of Blocked}}
}

@article{Fatahalian2004,
	author = {Fatahalian, K and Sugerman, J and Hanrahan, P},
	file = {:D$\backslash$:/Github/FEUP-Dissertation/articles/matrix multiplication/p133-fatahalian.pdf:pdf},
	pages = {133--137},
	title = {{Understanding the Efficiency of GPU Algorithms for Matrix-Matrix Multiplication}},
	year = {2004}
}



%%%%%%%%%%%%%%%%%%%%%%%%%%%%%%%%%%%%%%%%%%%%%


